
% Articles
@article{inglis:2010,
    author = {Tiffany Inglis and Nans De Sterck and Geoffrey Sanders and Haig Djambazian and Robert Sladek and Saravanan Sundararajan and Thomas J. Hudson},
    title = {Multilevel Space-Time Aggregation for Bright Field Cell Microscopy Segmentation and Tracking},
    year = {2010},
    journal = {International Journal of Biomedical Imaging}
}

@article{sharon:2000,
   author = {Eitan Sharon and Achi Brandt and Ronen Basri},
   title = {Fast Multiscale Image Segmentation},
   year = {2000},
   journal = {IEEE}
}

@article{opencv:2000,
    author = {Bradski, G.},
    citeulike-article-id = {2236121},
    journal = {Dr. Dobb's Journal of Software Tools},
    keywords = {bibtex-import},
    posted-at = {2008-01-15 19:21:54},
    priority = {4},
    title = {The OpenCV Library},
    year = {2000}
}


% MISC
@MISC{pyamg:2011,
   author = "Bell, W. N. and Olson, L. N. and Schroder, J. B.",
   title = "{PyAMG}: Algebraic Multigrid Solvers in {Python} v2.0",
   year = "2011",
   url = "http://www.pyamg.org",
   note = "Release 2.0"
}


